@IEEEtranBSTCTL{BIBctrl,
    CTLdash_repeated_names={no},
}
@article{bentley1975multidimensional,
	title={Multidimensional binary search trees used for associative searching},
	author={Bentley, Jon Louis},
	journal={Communications of the ACM},
	volume={18},
	number={9},
	pages={509--517},
	year={1975},
}

@article{kimmel1996fast,
	title={Fast marching methods for computing distance maps and shortest paths},
	author={Kimmel, Ron},
	year={1996}
}

@article{barequet1997partial,
	title={Partial surface and volume matching in three dimensions},
	author={Barequet, Gill and Sharir, Micha},
	journal={IEEE Transactions on Pattern Analysis and Machine Intelligence},
	volume={19},
	number={9},
	pages={929--948},
	year={1997},
	publisher={IEEE}
}

@inproceedings{comaniciu2000real,
	title={Real-time tracking of non-rigid objects using mean shift},
	author={Comaniciu, Dorin and Ramesh, Visvanathan and Meer, Peter},
	booktitle={Proceedings IEEE Conference on Computer Vision and Pattern Recognition. CVPR 2000 (Cat. No. PR00662)},
	volume={2},
	pages={142--149},
	year={2000},
}

@article{tsai2002rotation,
	title={Rotation-invariant pattern matching using wavelet decomposition},
	author={Tsai, Du-Ming and Chiang, Cheng-Huei},
	journal={Pattern Recognition Letters},
	volume={23},
	number={1-3},
	pages={191--201},
	year={2002},
}

@inproceedings{Biasotti03,
	title={{3D} shape matching through topological structures},
	author={Biasotti, Silvia and Marini, Simone and Mortara, Michela and Patane, Giuseppe and Spagnuolo, Michela and Falcidieno, Bianca},
	booktitle={International Conference on Discrete Geometry for Computer Imagery},
	pages={194--203},
	year={2003},
}

@article{chen2003fast,
	title={Fast algorithm for robust template matching with M-estimators},
	author={Chen, Jiun-Hung and Chen, Chu-Song and Chen, Yong-Sheng},
	journal={IEEE Transactions on signal processing},
	volume={51},
	number={1},
	pages={230--243},
	year={2003},
}

@article{coifman2005geometric,
	title={Geometric diffusions as a tool for harmonic analysis and structure definition of data: Diffusion maps},
	author={Coifman, Ronald R and Lafon, Stephane and Lee, Ann B and Maggioni, Mauro and Nadler, Boaz and Warner, Frederick and Zucker, Steven W},
	journal={The national academy of sciences},
	volume={102},
	number={21},
	pages={7426--7431},
	year={2005},
}

@article{katz2005mesh,
	title={Mesh segmentation using feature point and core extraction},
	author={Katz, Sagi and Leifman, George and Tal, Ayellet},
	journal={The Visual Computer},
	volume={21},
	number={8-10},
	pages={649--658},
	year={2005},
}

@article{biasotti2006sub,
	title={Sub-part correspondence by structural descriptors of 3D shapes},
	author={Biasotti, Silvia and Marini, Simone and Spagnuolo, Michela and Falcidieno, Bianca},
	journal={Computer-Aided Design},
	volume={38},
	number={9},
	pages={1002--1019},
	year={2006},
}

%@article{bronstein2006efficient,
	%  title={Efficient computation of isometry-invariant distances between surfaces},
	%  author={Bronstein, Alexander M and Bronstein, Michael M and Kimmel, Ron},
	%  journal={SIAM Journal on Scientific Computing},
	%  volume={28},
	%  number={5},
	%  pages={1812--1836},
	%  year={2006},
	%  publisher={SIAM}
	%}

@article{jain2007non,
	title={Non-rigid spectral correspondence of triangle meshes},
	author={Jain, Varun and Zhang, Hao and van Kaick, Oliver},
	journal={International Journal of Shape Modeling},
	volume={13},
	number={01},
	pages={101--124},
	year={2007},
}

@article{Aiger:2008:CSR:1360612.1360684,
	author = {Aiger, Dror and Mitra, Niloy J. and Cohen-Or, Daniel},
	title = {4pointss Congruent Sets for Robust Pairwise Surface Registration},
	journal = {ACM Trans. Graph.},
	issue_date = {August 2008},
	volume = {27},
	number = {3},
	month = aug,
	year = {2008},
	pages = {85:1--85:10},
	articleno = {85},
	numpages = {10},
} 

@inproceedings{ovsjanikov2008global,
	title={Global intrinsic symmetries of shapes},
	author={Ovsjanikov, Maks and Sun, Jian and Guibas, Leonidas},
	booktitle={Computer graphics forum},
	volume={27},
	number={5},
	pages={1341--1348},
	year={2008},
}

@inproceedings{rusu2008learning,
	title={Learning informative point classes for the acquisition of object model maps},
	author={Rusu, Radu Bogdan and Marton, Zoltan Csaba and Blodow, Nico and Beetz, Michael},
	booktitle={Control, Automation, Robotics and Vision, 2008. ICARCV 2008. 10th International Conference on},
	pages={643--650},
	year={2008},
	organization={IEEE}
}

@article{rusu2008towards,
	title={Towards 3D point cloud based object maps for household environments},
	author={Rusu, Radu Bogdan and Marton, Zoltan Csaba and Blodow, Nico and Dolha, Mihai and Beetz, Michael},
	journal={Robotics and Autonomous Systems},
	volume={56},
	number={11},
	pages={927--941},
	year={2008},
	publisher={Elsevier}
}

@article{bronstein2009partial,
	title={Partial similarity of objects, or how to compare a centaur to a horse},
	author={Bronstein, Alexander M and Bronstein, Michael M and Bruckstein, Alfred M and Kimmel, Ron},
	journal={International Journal of Computer Vision},
	volume={84},
	number={2},
	pages={163},
	year={2009},
	publisher={Springer}
}

@article{lipman2009mobius,
	title={M{\"o}bius voting for surface correspondence},
	author={Lipman, Yaron and Funkhouser, Thomas},
	journal={ACM Transactions on Graphics (TOG)},
	volume={28},
	number={3},
	pages={72},
	year={2009},
	publisher={ACM}
}

%@article{muja2009fast,
	%title={Fast approximate nearest neighbors with automatic algorithm configuration.},
	%author={Muja, Marius and Lowe, David G},
	%	journal={VISAPP (1)},
	%	volume={2},
	%	number={331-340},
	%	pages={2},
	%	year={2009}
	%}

@inproceedings{rusu2009fast,
	title={Fast point feature histograms (FPFH) for 3D registration},
	author={Rusu, Radu Bogdan and Blodow, Nico and Beetz, Michael},
	booktitle={Robotics and Automation, 2009. ICRA'09. IEEE International Conference on},
	pages={3212--3217},
	year={2009},
}

@inproceedings{Sun:2009:CPI:1735603.1735621,
	title={A concise and provably informative multi-scale signature based on heat diffusion},
	author={Sun, Jian and Ovsjanikov, Maks and Guibas, Leonidas},
	booktitle={Computer graphics forum},
	volume={28},
	number={5},
	pages={1383--1392},
	year={2009},
} 

@inproceedings{bronstein2010scale,
	title={Scale-invariant heat kernel signatures for non-rigid shape recognition},
	author={Bronstein, Michael M and Kokkinos, Iasonas},
	booktitle={Computer Vision and Pattern Recognition (CVPR), 2010 IEEE Conference on},
	pages={1704--1711},
	year={2010},
	organization={IEEE}
}

@inproceedings{dey2010persistent,
	title={Persistent heat signature for pose-oblivious matching of incomplete models},
	author={Dey, Tamal K and Li, Kuiyu and Luo, Chuanjiang and Ranjan, Pawas and Safa, Issam and Wang, Yusu},
	booktitle={Computer Graphics Forum},
	volume={29},
	number={5},
	pages={1545--1554},
	year={2010},
	organization={Wiley Online Library}
}
%@article{bronstein2010gromov,
	%	title={A Gromov-Hausdorff framework with diffusion geometry for topologically-robust non-rigid shape matching},
	%	author={Bronstein, Alexander M and Bronstein, Michael M and Kimmel, Ron and Mahmoudi, Mona and Sapiro, Guillermo},
	%	journal={International Journal of Computer Vision},
	%	volume={89},
	%	number={2-3},
	%	pages={266--286},
	%	year={2010},
	%}

@inproceedings{dubrovina2010matching,
	title={Matching shapes by eigendecomposition of the Laplace-Beltrami operator},
	author={Dubrovina, Anastasia and Kimmel, Ron},
	booktitle={Proc. 3DPVT},
	volume={2},
	number={3},
	pages={2},
	year={2010}
}

@inproceedings{tombari2010unique,
	title={Unique signatures of histograms for local surface description},
	author={Tombari, Federico and Salti, Samuele and Di Stefano, Luigi},
	booktitle={European conference on computer vision},
	pages={356--369},
	year={2010},
}

%@article{attene2011part,
	%  title={Part-in-whole 3D shape matching and docking},
	%  author={Attene, Marco and Marini, Simone and Spagnuolo, Michela and Falcidieno, Bianca},
	%  journal={The Visual Computer},
	%  volume={27},
	%  number={11},
	%  pages={991},
	%  year={2011},
	%  publisher={Springer}
	%}

@inproceedings{aubry2011wave,
	title={The wave kernel signature: A quantum mechanical approach to shape analysis},
	author={Aubry, Mathieu and Schlickewei, Ulrich and Cremers, Daniel},
	booktitle={Computer Vision Workshops (ICCV Workshops), 2011 IEEE International Conference on},
	pages={1626--1633},
	year={2011},
	organization={IEEE}
}

@article{itskovich2011surface,
	title={Surface partial matching and application to archaeology},
	author={Itskovich, Arik and Tal, Ayellet},
	journal={Computers \& Graphics},
	volume={35},
	number={2},
	pages={334--341},
	year={2011},
}


%@inproceedings{Boyer:2011:SRF:2381170.2381184,
	%	author = {Boyer, E. and Bronstein, A. M. and Bronstein, M. M. and Bustos, B. and Darom, T. and Horaud, R. and Hotz, I. and Keller, Y. and Keustermans, J. and Kovnatsky, A. and Litman, R. and Reininghaus, J. and Sipiran, I. and Smeets, D. and Suetens, P. and Vandermeulen, D. and Zaharescu, A. and Zobel, V.},
	%	title = {SHREC 2011: Robust Feature Detection and Description Benchmark},
	%	booktitle = {Proceedings of the 4th Eurographics Conference on 3D Object Retrieval},
	%	series = {3DOR '11},
	%	year = {2011},
	%	location = {Llandudno, UK},
	%	pages = {71--78},
	%	numpages = {8},
	%} 

@InProceedings{Rusu_ICRA2011_PCL,
	author    = {Radu Bogdan Rusu and Steve Cousins},
	title     = {{3D is here: Point Cloud Library (PCL)}},
	booktitle = {{IEEE International Conference on Robotics and Automation (ICRA)}},
	month     = {May 9-13},
	year      = {2011},
}

@article{sahillioglu2011coarse,
	title={Coarse-to-fine combinatorial matching for dense isometric shape correspondence},
	author={Sahillio«ßlu, Y and Yemez, Y{\"u}cel},
	journal={Computer Graphics Forum},
	volume={30},
	number={5},
	pages={1461--1470},
	year={2011},
}

@article{kim2011blended,
	title={Blended intrinsic maps},
	author={Kim, Vladimir G and Lipman, Yaron and Funkhouser, Thomas},
	journal={ACM Transactions on Graphics (TOG)},
	volume={30},
	number={4},
	pages={79},
	year={2011},
	organization={ACM}
}

@inproceedings{raviv2011hierarchical,
	title={Hierarchical matching of non-rigid shapes},
	author={Raviv, Dan and Dubrovina, Anastasia and Kimmel, Ron},
	booktitle={International Conference on Scale Space and Variational Methods in Computer Vision},
	pages={604--615},
	year={2011},
	organization={Springer}
}

%@inproceedings{tevs2011intrinsic,
	%  title={Intrinsic shape matching by planned landmark sampling},
	%  author={Tevs, Art and Berner, Alexander and Wand, Michael and Ihrke, Ivo and Seidel, H-P},
	%  booktitle={Computer Graphics Forum},
	%  volume={30},
	%  number={2},
	%  pages={543--552},
	%  year={2011},
	%}

@article{tian2012globally,
	title={Globally optimal estimation of nonrigid image distortion},
	author={Tian, Yuandong and Narasimhan, Srinivasa G},
	journal={International journal of computer vision},
	volume={98},
	number={3},
	pages={279--302},
	year={2012},
}

%@inproceedings{van2011prior,
	%	title={Prior knowledge for part correspondence},
	%	author={Van Kaick, Oliver and Tagliasacchi, Andrea and Sidi, Oana and Zhang, Hao and Cohen-Or, Daniel and Wolf, Lior and Hamarneh, Ghassan},
	%	booktitle={Computer Graphics Forum},
	%	volume={30},
	%	number={2},
	%	pages={553--562},
	%	year={2011},
	%}

@article{van2011survey,
	title={A survey on shape correspondence},
	author={Van Kaick, Oliver and Zhang, Hao and Hamarneh, Ghassan and Cohen-Or, Daniel},
	journal={Computer Graphics Forum},
	volume={30},
	number={6},
	pages={1681--1707},
	year={2011},
}

@inproceedings{wang2011discrete,
	title={Discrete minimum distortion correspondence problems for non-rigid shape matching},
	author={Wang, Chaohui and Bronstein, Michael M and Bronstein, Alexander M and Paragios, Nikos},
	booktitle={International Conference on Scale Space and Variational Methods in Computer Vision},
	pages={580--591},
	year={2011},
}

%@inproceedings{windheuser2011large,
	%	title={Large-scale integer linear programming for orientation preserving 3d shape matching},
	%	author={Windheuser, Thomas and Schlickwei, Ulrich and Schimdt, Frank R and Cremers, Daniel},
	%	booktitle={Computer Graphics Forum},
	%	volume={30},
	%	number={5},
	%	pages={1471--1480},
	%	year={2011},
	%}

@article{Ovsjanikov:2012:FMF:2185520.2185526,
	title={Functional maps: a flexible representation of maps between shapes},
	author={Ovsjanikov, Maks and Ben-Chen, Mirela and Solomon, Justin and Butscher, Adrian and Guibas, Leonidas},
	journal={ACM Transactions on Graphics (TOG)},
	volume={31},
	number={4},
	pages={30},
	year={2012},
	publisher={ACM}
} 

@article{ouyang2012performance,
	title={Performance evaluation of full search equivalent pattern matching algorithms},
	author={Ouyang, Wanli and Tombari, Federico and Mattoccia, Stefano and Di Stefano, Luigi and Cham, Wai-Kuen},
	journal={IEEE transactions on pattern analysis and machine intelligence},
	volume={34},
	number={1},
	pages={127--143},
	year={2012},
}

@inproceedings{sahilliouglu2012scale,
	title={Scale normalization for isometric shape matching},
	author={Sahillio{\u{g}}lu, Y and Yemez, Y{\"u}cel},
	booktitle={Computer Graphics Forum},
	volume={31},
	number={7},
	pages={2233--2240},
	year={2012},
}

@article{sahilliouglu2012minimum,
	title={Minimum-distortion isometric shape correspondence using EM algorithm},
	author={Sahillio{\u{g}}lu, Yusuf and Yemez, Y{\"u}cel},
	journal={IEEE transactions on pattern analysis and machine intelligence},
	volume={34},
	number={11},
	pages={2203--2215},
	year={2012},
}

@inproceedings{Torsello:2012:GAD:2354409.2354702,
	title={A game-theoretic approach to deformable shape matching},
	author={Rodola, Emanuele and Bronstein, Alex M and Albarelli, Andrea and Bergamasco, Filippo and Torsello, Andrea},
	booktitle={IEEE Conference on Computer Vision and Pattern Recognition},
	pages={182--189},
	year={2012},
}

%@article{guo2013rotational,
	%	title={Rotational projection statistics for 3D local surface description and object recognition},
	%	author={Guo, Yulan and Sohel, Ferdous and Bennamoun, Mohammed and Lu, Min and Wan, Jianwei},
	%	journal={International journal of computer vision},
	%	volume={105},
	%	number={1},
	%	pages={63--86},
	%	year={2013},
	%}

@article{kovnatsky2013coupled,
	title={Coupled quasi-harmonic bases},
	author={Kovnatsky, Artiom and Bronstein, Michael M and Bronstein, Alexander M and Glashoff, Klaus and Kimmel, Ron},
	journal={Computer Graphics Forum},
	volume={32},
	number={2pt4},
	pages={439--448},
	year={2013},
}

%@article{pokrass2013partial,
	%	title={Partial shape matching without point-wise correspondence},
	%	author={Pokrass, Jonathan and Bronstein, Alexander M and Bronstein, Michael M},
	%	journal={Numerical Mathematics: Theory, Methods and Applications},
	%	volume={6},
	%	number={1},
	%	pages={223--244},
	%	year={2013},
	%	publisher={Cambridge University Press}
	%}

%@inproceedings{pokrass2013sparse,
	%	title={Sparse modeling of intrinsic correspondences},
	%	author={Pokrass, Jonathan and Bronstein, Alexander M and Bronstein, Michael M and Sprechmann, Pablo and Sapiro, Guillermo},
	%	booktitle={Computer Graphics Forum},
	%	volume={32},
	%	number={2pt4},
	%	pages={459--468},
	%	year={2013},
	%}

@inproceedings{shtrom2013saliency,
	title={Saliency detection in large point sets},
	author={Shtrom, Elizabeth and Leifman, George and Tal, Ayellet},
	booktitle={Proceedings of the IEEE International Conference on Computer Vision},
	pages={3591--3598},
	year={2013}
}


@inproceedings{rodola2013elastic,
	title={Elastic net constraints for shape matching},
	author={Rodola, Emanuele and Torsello, Andrea and Harada, Tatsuya and Kuniyoshi, Yasuo and Cremers, Daniel},
	booktitle={ IEEE International Conference on Computer Vision},
	pages={1169--1176},
	year={2013}
}

@article{vanKaick:2013:BMP:2771539.2771553,
	title={Bilateral maps for partial matching},
	author={van Kaick, Oliver and Zhang, Hao and Hamarneh, Ghassan},
	journal={Computer Graphics Forum},
	volume={32},
	number={6},
	pages={189--200},
	year={2013},
}


@inproceedings{bogo2014faust,
	title={FAUST: Dataset and evaluation for 3D mesh registration},
	author={Bogo, Federica and Romero, Javier and Loper, Matthew and Black, Michael J},
	booktitle={IEEE Conference on Computer Vision and Pattern Recognition},
	pages={3794--3801},
	year={2014}
}

@inproceedings{boscaini2014coulomb,
	title={Coulomb shapes: using electrostatic forces for deformation-invariant shape representation},
	author={Boscaini, Davide and Girdziu{\v{s}}as, Ram{\=u}unas and Bronstein, Michael M},
	booktitle={7th Eurographics Workshop on 3D Object Retrieval},
	pages={9--15},
	year={2014},
}

%@article{boumal2014manopt,
	%	title={Manopt, a Matlab toolbox for optimization on manifolds},
	%	author={Boumal, Nicolas and Mishra, Bamdev and Absil, P-A and Sepulchre, Rodolphe},
	%	journal={The Journal of Machine Learning Research},
	%	volume={15},
	%	number={1},
	%	pages={1455--1459},
	%	year={2014},
	%}

@article{Brunton:2014:LRR:2592295.2592390,
	title={A low-dimensional representation for robust partial isometric correspondences computation},
	author={Brunton, Alan and Wand, Michael and Wuhrer, Stefanie and Seidel, Hans-Peter and Weinkauf, Tino},
	journal={Graphical Models},
	volume={76},
	number={2},
	pages={70--85},
	year={2014},
	publisher={Elsevier}
}  

%@article{chen2014near,
	%	title={Near-optimal joint object matching via convex relaxation},
	%	author={Chen, Yuxin and Guibas, Leonidas J and Huang, Qi-Xing},
	%	journal={arXiv preprint arXiv:1402.1473},
	%	year={2014}
	%}

@article{hel2014matching,
	title={Matching by tone mapping: Photometric invariant template matching},
	author={Hel-Or, Yacov and Hel-Or, Hagit and David, Eyal},
	journal={IEEE transactions on pattern analysis and machine intelligence},
	volume={36},
	number={2},
	pages={317--330},
	year={2014},
}

@article{huang2014functional,
	title={Functional map networks for analyzing and exploring large shape collections},
	author={Huang, Qixing and Wang, Fan and Guibas, Leonidas},
	journal={ACM Transactions on Graphics (TOG)},
	volume={33},
	number={4},
	pages={36},
	year={2014},
	publisher={ACM}
}

@article{mellado2014super,
	title={Super 4pcs fast global pointcloud registration via smart indexing},
	author={Mellado, Nicolas and Aiger, Dror and Mitra, Niloy J},
	journal={Computer Graphics Forum},
	volume={33},
	number={5},
	pages={205--215},
	year={2014},
	%organization={Wiley Online Library}
}

@inproceedings{Rodola:2014:DNS:2679600.2679987,
	title={Dense non-rigid shape correspondence using random forests},
	author={Rodol{\`a}, Emanuele and Rota Bulo, Samuel and Windheuser, Thomas and Vestner, Matthias and Cremers, Daniel},
	booktitle={IEEE Conference on Computer Vision and Pattern Recognition},
	pages={4177--4184},
	year={2014}
}

@inproceedings{sahilliouglu2014multiple,
	title={Multiple shape correspondence by dynamic programming},
	author={Sahillio{\u{g}}lu, Y and Yemez, Y{\"u}cel},
	booktitle={Computer Graphics Forum},
	volume={33},
	number={7},
	pages={121--130},
	year={2014},
}

%@article{shtern2014matching,
	%	title={Matching the LBO eigenspace of non-rigid shapes via high order statistics},
	%	author={Shtern, Alon and Kimmel, Ron},
	%	journal={Axioms},
	%	volume={3},
	%	number={3},
	%	pages={300--319},
	%	year={2014},
	%}

%@article{aigerman2015seamless,
	%	title={Seamless surface mappings},
	%	author={Aigerman, Noam and Poranne, Roi and Lipman, Yaron},
	%	journal={ACM Transactions on Graphics (TOG)},
	%	volume={34},
	%	number={4},
	%	pages={72},
	%	year={2015},
	%}

@article{albarelli2015fast,
	title={Fast and accurate surface alignment through an isometry-enforcing game},
	author={Albarelli, Andrea and Rodol{\`a}, Emanuele and Torsello, Andrea},
	journal={Pattern Recognition},
	volume={48},
	number={7},
	pages={2209--2226},
	year={2015},
}

@inproceedings{chen2015robust,
	title={Robust nonrigid registration by convex optimization},
	author={Chen, Qifeng and Koltun, Vladlen},
	booktitle={IEEE International Conference on Computer Vision {(ICCV)}},
	pages={2039--2047},
	year={2015}
}

@inproceedings{dekel2015best,
	title={Best-buddies similarity for robust template matching},
	author={Dekel, Tali and Oron, Shaul and Rubinstein, Michael and Avidan, Shai and Freeman, William T},
	booktitle={IEEE Conference on Computer Vision and Pattern Recognition},
	pages={2021--2029},
	year={2015}
}

%@article{holz2015registration,
	%	title={Registration with the point cloud library: A modular framework for aligning in 3-D},
	%	author={Holz, Dirk and Ichim, Alexandru E and Tombari, Federico and Rusu, Radu B and Behnke, Sven},
	%	journal={IEEE Robotics \& Automation Magazine},
	%	volume={22},
	%	number={4},
	%	pages={110--124},
	%	year={2015},
	%}

%@inproceedings{kovnatsky2015functional,
	%	title={Functional correspondence by matrix completion},
	%	author={Kovnatsky, Artiom and Bronstein, Michael M and Bresson, Xavier and Vandergheynst, Pierre},
	%	booktitle={Proceedings of the IEEE conference on computer vision and pattern recognition},
	%	pages={905--914},
	%	year={2015}
	%}

@inproceedings{Masci:2015:GCN:2919341.2920992,
	title={Geodesic convolutional neural networks on riemannian manifolds},
	author={Masci, Jonathan and Boscaini, Davide and Bronstein, Michael and Vandergheynst, Pierre},
	booktitle={IEEE international conference on computer vision workshops},
	pages={37--45},
	year={2015}
}

%@article{rodola2015point,
	%	title={Point-wise map recovery and refinement from functional correspondence},
	%	author={Rodol{\`a}, Emanuele and Moeller, Michael and Cremers, Daniel},
	%	journal={arXiv preprint arXiv:1506.05603},
	%	year={2015}
	%}


@article{oron2015locally,
	title={Locally orderless tracking},
	author={Oron, Shaul and Bar-Hillel, Aharon and Levi, Dan and Avidan, Shai},
	journal={International Journal of Computer Vision},
	volume={111},
	number={2},
	pages={213--228},
	year={2015},
}

@article{Boscaini2016AnisotropicDD,
	title={Anisotropic diffusion descriptors},
	author={Boscaini, Davide and Masci, Jonathan and Rodol{\`a}, Emanuele and Bronstein, Michael M and Cremers, Daniel},
	journal={Computer Graphics Forum},
	volume={35},
	number={2},
	pages={431--441},
	year={2016},
}

@inproceedings{boscaini2016learning,
	title={Learning shape correspondence with anisotropic convolutional neural networks},
	author={Boscaini, Davide and Masci, Jonathan and Rodol{\`a}, Emanuele and Bronstein, Michael},
	booktitle={Advances in Neural Information Processing Systems},
	pages={3189--3197},
	year={2016}
}

%@inproceedings{cosmo2016matching,
	%	title={Matching deformable objects in clutter},
	%	author={Cosmo, Luca and Rodola, Emanuele and Masci, Jonathan and Torsello, Andrea and Bronstein, Michael M},
	%	booktitle={3D Vision (3DV), 2016 Fourth International Conference on},
	%	pages={1--10},
	%	year={2016},
	%	organization={IEEE}
	%}

@inproceedings{cosmo2016shrec,
	title={SHREC‚Äô16: Partial matching of deformable shapes},
	author={Cosmo, L and Rodol{\`a}, E and Bronstein, MM and Torsello, A and Cremers, D and Sahillioglu, Y},
	booktitle={{3DOR}},
	volume={2},
	year={2016}
}

%@inproceedings{eynard2016coupled,
	%	title={Coupled functional maps},
	%	author={Eynard, Davide and Rodola, Emanuele and Glashoff, Klaus and Bronstein, Michael M},
	%	booktitle={3D Vision (3DV), 2016 Fourth International Conference on},
	%	pages={399--407},
	%	year={2016},
	%	organization={IEEE}
	%}

%@inproceedings{kovnatsky2016madmm,
	%	title={MADMM: a generic algorithm for non-smooth optimization on manifolds},
	%	author={Kovnatsky, Artiom and Glashoff, Klaus and Bronstein, Michael M},
	%	booktitle={European Conference on Computer Vision},
	%	pages={680--696},
	%	year={2016},
	%	organization={Springer}
	%}

@article{lahner2016shrec,
	title={SHREC‚Äô16: Matching of deformable shapes with topological noise},
	author={L{\"a}hner, Z and Rodol{\`a}, Emanuele and Bronstein, MM and Cremers, Daniel and Burghard, Oliver and Cosmo, Luca and Dieckmann, Andreas and Klein, Reinhard and Sahillioglu, Y},
	journal={3DOR},
	volume={2},
	pages={11},
	year={2016}
}

%@inproceedings{litany2016non,
	%	title={Non-rigid puzzles},
	%	author={Litany, Or and Rodol{\`a}, Emanuele and Bronstein, Alexander M and Bronstein, Michael M and Cremers, Daniel},
	%	booktitle={Computer Graphics Forum},
	%	volume={35},
	%	number={5},
	%	pages={135--143},
	%	year={2016},
	%}

@article{Maron:2016:PRV:2897824.2925913,
	title={Point registration via efficient convex relaxation},
	author={Maron, Haggai and Dym, Nadav and Kezurer, Itay and Kovalsky, Shahar and Lipman, Yaron},
	journal={ACM Transactions on Graphics (TOG)},
	volume={35},
	number={4},
	pages={73},
	year={2016},
	publisher={ACM}
} 

@inproceedings{masci2016geometric,
	title={Geometric deep learning},
	author={Masci, Jonathan and Rodol{\`a}, Emanuele and Boscaini, Davide and Bronstein, Michael M and Li, Hao},
	booktitle={SIGGRAPH ASIA 2016 Courses},
	pages={1},
	year={2016},
}

@article{solomon2016entropic,
	title={Entropic metric alignment for correspondence problems},
	author={Solomon, Justin and Peyr{\'e}, Gabriel and Kim, Vladimir G and Sra, Suvrit},
	journal={ACM Transactions on Graphics (TOG)},
	volume={35},
	number={4},
	pages={72},
	year={2016},
}


%@inproceedings{wei2016dense,
	%	title={Dense human body correspondences using convolutional networks},
	%	author={Wei, Lingyu and Huang, Qixing and Ceylan, Duygu and Vouga, Etienne and Li, Hao},
	%	booktitle={Proceedings of the IEEE Conference on Computer Vision and Pattern Recognition},
	%	pages={1544--1553},
	%	year={2016}
	%}

@article{cosmo2017consistent,
	title={Consistent partial matching of shape collections via sparse modeling},
	author={Cosmo, Luca and Rodol{\`a}, Emanuele and Albarelli, Andrea and M{\'e}moli, Facundo and Cremers, Daniel},
	journal={Computer Graphics Forum},
	volume={36},
	number={1},
	pages={209--221},
	year={2017},
}

@inproceedings{monti2017geometric,
	title={Geometric deep learning on graphs and manifolds using mixture model cnns},
	author={Monti, Federico and Boscaini, Davide and Masci, Jonathan and Rodola, Emanuele and Svoboda, Jan and Bronstein, Michael M},
	booktitle={IEEE Conference on Computer Vision and Pattern Recognition},
	pages={5115--5124},
	year={2017}
}

@article{rodola2017partial,
	title={Partial functional correspondence},
	author={Rodol{\`a}, Emanuele and Cosmo, Luca and Bronstein, Michael M and Torsello, Andrea and Cremers, Daniel},
	journal={Computer Graphics Forum},
	volume={36},
	number={1},
	pages={222--236},
	year={2017},
}

@inproceedings{talmi2017template,
	title={Template matching with deformable diversity similarity},
	author={Talmi, Itamar and Mechrez, Roey and Zelnik-Manor, Lihi},
	booktitle={IEEE Conf. on Computer Vision and Pattern Recognition},
	pages={1311--1319},
	year={2017}
}

@inproceedings{litany2017deep,
	title={Deep functional maps: Structured prediction for dense shape correspondence},
	author={Litany, Or and Remez, Tal and Rodol{\`a}, Emanuele and Bronstein, Alex and Bronstein, Michael},
	booktitle={IEEE International Conference on Computer Vision},
	pages={5659--5667},
	year={2017}
}

@article{litany2017fully,
	title={Fully spectral partial shape matching},
	author={Litany, Or and Rodol{\`a}, Emanuele and Bronstein, Alex M and Bronstein, Michael M},
	journal={Computer Graphics Forum},
	volume={36},
	number={2},
	pages={247--258},
	year={2017},
}

%@inproceedings{shamai2017geodesic,
	%  title={Geodesic distance descriptors},
	%  author={Shamai, Gil and Kimmel, Ron},
	%  booktitle={Proceedings of the IEEE Conference on Computer Vision and Pattern Recognition},
	%  pages={6410--6418},
	%  year={2017}
	%}

@inproceedings{vestner2017efficient,
	title={Efficient deformable shape correspondence via kernel matching},
	author={Vestner, Matthias and L{\"a}hner, Zorah and Boyarski, Amit and Litany, Or and Slossberg, Ron and Remez, Tal and Rodola, Emanuele and Bronstein, Alex and Bronstein, Michael and Kimmel, Ron and others},
	booktitle={3D Vision (3DV)},
	pages={517--526},
	year={2017},
}

@inproceedings{vestner2017product,
	title={Product Manifold Filter: Non-Rigid Shape Correspondence via Kernel Density Estimation in the Product Space.},
	author={Vestner, Matthias and Litman, Roee and Rodol{\`a}, Emanuele and Bronstein, Alexander M and Cremers, Daniel},
	booktitle={CVPR},
	pages={6681--6690},
	year={2017}
}

@InProceedings{Zeng_2017_CVPR,
	title={3dmatch: Learning local geometric descriptors from rgb-d reconstructions},
	author={Zeng, Andy and Song, Shuran and Nie{\ss}ner, Matthias and Fisher, Matthew and Xiao, Jianxiong and Funkhouser, Thomas},
	booktitle={IEEE Conference on Computer Vision and Pattern Recognition (CVPR)},
	pages={1802--1811},
	year={2017}
}

@article{aberman2018neural,
	title={Neural best-buddies: sparse cross-domain correspondence},
	author={Aberman, Kfir and Liao, Jing and Shi, Mingyi and Lischinski, Dani and Chen, Baoquan and Cohen-Or, Daniel},
	journal={ACM Transactions on Graphics (TOG)},
	volume={37},
	number={4},
	pages={69},
	year={2018},
}

%@article{calla2018iterative,
	%	title={An Iterative Parallel Algorithm for Computing Geodesic Distances on Triangular Meshes},
	%	author={Calla, Luciano A Romero and Perez, Lizeth J Fuentes and Montenegro, Anselmo A and Lage, Marcos},
	%	journal={arXiv preprint arXiv:1810.08218},
	%	year={2018}
	%}

%@article{halimi2018self,
	%	title={Self Functional Maps},
	%	author={Halimi, Oshri and Kimmel, Ron},
	%	journal={arXiv preprint arXiv:1804.08080},
	%	year={2018}
	%}

%@inproceedings{huang2018stability,
	%	title={On the stability of functional maps and shape difference operators},
	%	author={Huang, Ruqi and Chazal, Fr{\'e}d{\'e}ric and Ovsjanikov, Maks},
	%	booktitle={Computer Graphics Forum},
	%	volume={37},
	%	number={1},
	%	pages={145--158},
	%	year={2018},
	%}


%@inproceedings{kleiman2018robust,
	%	title={Robust Structure-Based Shape Correspondence},
	%	author={Kleiman, Yanir and Ovsjanikov, Maks},
	%	booktitle={Computer Graphics Forum},
	%	year={2018},
	%}

%@inproceedings{melzi2018localized,
	%	title={Localized manifold harmonics for spectral shape analysis},
	%	author={Melzi, Simone and Rodol{\`a}, Emanuele and Castellani, Umberto and Bronstein, Michael M},
	%	booktitle={Computer Graphics Forum},
	%	volume={37},
	%	number={6},
	%	pages={20--34},
	%	year={2018},
	%}

%@inproceedings{nogneng2018improved,
	%	title={Improved functional mappings via product preservation},
	%	author={Nogneng, Dorian and Melzi, Simone and Rodol{\`a}, Emanuele and Castellani, Umberto and Bronstein, M and Ovsjanikov, Maks},
	%	booktitle={Computer Graphics Forum},
	%	volume={37},
	%	number={2},
	%	pages={179--190},
	%	year={2018},
	%}

%@inproceedings{wang2018kernel,
	%	title={Kernel Functional Maps},
	%	author={Wang, L and Gehre, A and Bronstein, MM and Solomon, J},
	%	booktitle={Computer Graphics Forum},
	%	volume={37},
	%	number={5},
	%	pages={27--36},
	%	year={2018},
	%}
    
@book{Horn_2012,
 author = {Horn, Roger A. and Johnson, Charles R.},
 title = {Matrix Analysis},
 year = {2012},
 isbn = {0521548233, 9780521548236},
 edition = {2nd},
 publisher = {Cambridge University Press},
 address = {New York, NY, USA},
} 


@article{knuth_notation,
 author = {Knuth, Donald E.},
 title = {Two Notes on Notation},
 journal = {Am. Math. Monthly},
 issue_date = {May 1992},
 volume = {99},
 number = {5},
 month = may,
 year = {1992},
 issn = {0002-9890},
 pages = {403--422},
 numpages = {20},
 doi = {10.2307/2325085},
 acmid = {151009},
 publisher = {Mathematical Association of America},
 address = {Washington, DC, USA},
} 


@inproceedings{Blackwell1951,
address = {Berkeley, California},
author = {Blackwell, David},
booktitle = {Proceedings of the Second Berkeley Symposium on Mathematical Statistics and Probability},
pages = {93--102},
publisher = {University of California Press},
title = {Comparison of Experiments},
year = {1951}
}


@book{Feller,
  author = {Feller, William},
  publisher = {Wiley},
  title = {An Introduction to Probability Theory and Its Applications volume 1},
  edition = {3},
  year = 1968
}

